@InCollection{tours,
  author = {D. Cook and E.-K. Lee and A. Buja and H. Wickham},
  booktitle = {Handbook of Data Visualization},
  chapter = {III.2},
  doi = {10.1007/978-3-540-33037-0_13},
  editor = {Chunhouh Chen and Wolfgang H{\"a}rdle and Antony Unwin},
  keywords = {tour},
  pages = {295––314},
  publisher = {Springer},
  series = {Springer Handbooks of Computational Statistics},
  title = {Grand Tours, Projection Pursuit Guided Tours and Manual Controls},
  year = {2008},
  bdsk-url-1 = {http://dx.doi.org/10.1007/978-3-540-33037-0_13},
}

@Manual{R-crosstalk,
  title = {crosstalk: Inter-Widget Interactivity for HTML Widgets},
  author = {Joe Cheng and Carson Sievert},
  note = {R package version 1.2.0.9000},
  url = {https://rstudio.github.io/crosstalk/},
  year = {2021},
}

@Manual{R-htmlwidgets,
  title = {htmlwidgets: HTML Widgets for R},
  author = {Ramnath Vaidyanathan and Yihui Xie and JJ Allaire and Joe Cheng and Carson Sievert and Kenton Russell},
  year = {2021},
  note = {R package version 1.5.3.9000},
  url = {https://github.com/ramnathv/htmlwidgets},
}

@Manual{R-plotly,
  title = {plotly: Create Interactive Web Graphics via plotly.js},
  author = {Carson Sievert and Chris Parmer and Toby Hocking and Scott Chamberlain and Karthik Ram and Marianne Corvellec and Pedro Despouy},
  note = {https://plotly-r.com, https://github.com/plotly/plotly.R},
  year = {2021},
}

@Manual{R-tourr,
  title = {tourr: Tour Methods for Multivariate Data Visualisation},
  author = {Hadley Wickham and Di Cook},
  year = {2020},
  note = {R package version 0.6.0},
  url = {https://github.com/ggobi/tourr},
}

@Book{plotly2020,
  author = {Carson Sievert},
  title = {Interactive Web-Based Data Visualization with R, plotly, and shiny},
  publisher = {Chapman and Hall/CRC},
  year = {2020},
  isbn = {9781138331457},
  url = {https://plotly-r.com},
}

@Article{tourr2011,
  title = {{tourr}: An {R} Package for Exploring Multivariate Data with Projections},
  author = {Hadley Wickham and Dianne Cook and Heike Hofmann and Andreas Buja},
  journal = {Journal of Statistical Software},
  year = {2011},
  volume = {40},
  number = {2},
  pages = {1--18},
  url = {https://www.jstatsoft.org/v40/i02/},
}

@Article{tourr2020,
  title = {A slice tour for finding hollowness in high-dimensional data},
  author = {Ursula Laa and Dianne Cook and German Valencia},
  journal = {Journal of Computational and Graphical Statistics},
  year = {2020},
  volume = {29},
  number = {3},
  pages = {681--687},
  url = {https://doi.org/10.1080/10618600.2020.1777140},
}
